%%% Semantic Hierarchies %%%

% WordNet:
@inproceedings{marszalek2007semantic,
  title={Semantic hierarchies for visual object recognition},
  author={Marsza{\l}ek, Marcin and Schmid, Cordelia},
  booktitle={Computer Vision and Pattern Recognition, 2007. CVPR'07. IEEE Conference on},
  pages={1--7},
  year={2007},
  organization={IEEE}
}

% Visual:
@inproceedings{li2010building,
  title={Building and using a semantivisual image hierarchy},
  author={Li, Li-Jia and Wang, Chong and Lim, Yongwhan and Blei, David M and Fei-Fei, Li},
  booktitle={Computer Vision and Pattern Recognition (CVPR), 2010 IEEE Conference on},
  pages={3336--3343},
  year={2010},
  organization={IEEE}
}

% Visual and Semantic:

@inproceedings{deselaers2011visual,
  title={Visual and semantic similarity in imagenet},
  author={Deselaers, Thomas and Ferrari, Vittorio},
  booktitle={Computer Vision and Pattern Recognition (CVPR), 2011 IEEE Conference on},
  pages={1777--1784},
  year={2011},
  organization={IEEE}
}


%%% Soft Labels %%%

% On a large data set:
@inproceedings{zhao2011large,
  title={Large-scale category structure aware image categorization},
  author={Zhao, Bin and Li, Fei and Xing, Eric P},
  booktitle={Advances in Neural Information Processing Systems},
  pages={1251--1259},
  year={2011}
}
